@misc{acid,
	title={Data Consistency Models: ACID [Электронный ресурс]},
	url="https://neo4j.com/blog/acid-vs-base-consistency-models-explained",
	urldate = {2024-03-24}
}

@misc{go,
	title={Go documentation [Электронный ресурс]},
	url="https://go.dev/doc/",
	urldate = {2024-03-24}
}

@misc{postgres,
	title={PostgreSQL documentation [Электронный ресурс]},
	url="https://www.postgresql.org/docs/",
	urldate = {2024-03-24}
}

@misc{pgsql,
	title={PL/pgSQL — SQL Procedural Language [Электронный ресурс]},
	url="https://www.postgresql.org/docs/current/plpgsql.html",
	urldate = {2024-03-24}
}

@misc{docker,
	title={Develop faster. Run anywhere. [Электронный ресурс]},
	url="https://www.docker.com/",
	urldate = {2024-03-24}
}

@misc{go-test,
	title={Golang testing package [Электронный ресурс]},
	url="https://pkg.go.dev/testing",
	urldate = {2024-03-24}
}

@misc{M1,
	title={Apple M1 [Электронный ресурс]},
	url="https://web.archive.org/web/20201110184757/https://www.apple.com/mac/m1/",
	urldate = {2024-03-24}
}

@misc{faker,
	title={Welcome to Faker’s documentation! [Электронный ресурс]},
	url="https://faker.readthedocs.io/en/master/",
	urldate = {2024-03-24}
}

@misc{oracle,
	title={Oracle database [Электронный ресурс]},
	url="https://www.oracle.com/database/",
	urldate = {2024-03-24}
}

@misc{mysql,
	title={MySQL database [Электронный ресурс]},
	url="https://www.mysql.com/",
	urldate = {2024-03-24}
}

@misc{sqlite,
	title={What Is SQLite? [Электронный ресурс]},
	url="https://www.sqlite.org/",
	urldate = {2024-03-24}
}

@misc{sql-server,
	title={Try SQL Server on-premises or in the cloud [Электронный ресурс]},
	url="https://www.microsoft.com/en-us/sql-server/sql-server-downloads",
	urldate = {2024-03-24}
}

@misc{hadoop,
	title={Hadoop: Setting up a Single Node Cluster [Электронный ресурс]},
	url="https://apache.github.io/hadoop/hadoop-project-dist/hadoop-common/SingleCluster.html",
	urldate = {2024-03-24}
}

@misc{cassandra,
	title={Open Source NoSQL Database [Электронный ресурс]},
	url="https://cassandra.apache.org/_/index.html",
	urldate = {2024-03-24}
}

@misc{spark,
	title={Unified engine for large-scale data analytics [Электронный ресурс]},
	url="https://spark.apache.org/",
	urldate = {2024-03-24}
}

@misc{mock-testing,
	title={What is Mock Testing? [Электронный ресурс]},
	url="https://www.radview.com/glossary/what-is-mock-testing/",
	urldate = {2024-03-24}
}

@misc{mockery,
	title={mockery [Электронный ресурс]},
	url="https://github.com/vektra/mockery",
	urldate = {2024-03-24}
}

@misc{testcontainers,
	title={Getting started with Testcontainers for Go [Электронный ресурс]},
	url="https://testcontainers.com/guides/getting-started-with-testcontainers-for-go/",
	urldate = {2024-03-24}
}

@misc{s3,
	title={Облачное объектное хранилище - Amazon S3 [Электронный ресурс]},
	url="https://aws.amazon.com/ru/pm/serv-s3/?gclid=CjwKCAjwxY-3BhAuEiwAu7Y6s3wlfKrCd0HOzurPo8AHgPxKA8MHUNa96K05xDqcE2IHwPvcyIICkhoCEZIQAvD_BwE&trk=b45f363b-5d02-4b3f-87df-b7b1908ff05c&sc_channel=ps&ef_id=CjwKCAjwxY-3BhAuEiwAu7Y6s3wlfKrCd0HOzurPo8AHgPxKA8MHUNa96K05xDqcE2IHwPvcyIICkhoCEZIQAvD_BwE:G:s&s_kwcid=AL!4422!3!536452769228!e!!g!!amazon%20s3!12198535626!120978772550&trk=b45f363b-5d02-4b3f-87df-b7b1908ff05c&sc_channel=ps&targetid=kwd-1745724519",
	urldate = {2024-03-24}
}

@misc{google-cloud,
	title={Object storage for companies of all sizes [Электронный ресурс]},
	url="https://cloud.google.com/storage",
	urldate = {2024-03-24}
}

@misc{minio,
	title={The MinIO Enterprise Object Store: Built for AI Data Infrastructure [Электронный ресурс]},
	url="https://min.io/?utm_term=&utm_campaign=&utm_source=adwords&utm_medium=ppc&hsa_acc=8976569894&hsa_cam=20593618271&hsa_grp=&hsa_ad=&hsa_src=x&hsa_tgt=&hsa_kw=&hsa_mt=&hsa_net=adwords&hsa_ver=3&gad_source=1&gclid=CjwKCAjwxY-3BhAuEiwAu7Y6s2d4hsQFY-ksLM9qtHxAMK6ZGlc-rNufICZtAdC9-LVBq-21s_6sMRoC-0AQAvD_BwE",
	urldate = {2024-03-24}
}